<?xml version="1.0" encoding="UTF-8"?><collection xmlns="http://www.loc.gov/MARC21/slim"><record><leader>00405nam--2200133-i-4500</leader><controlfield tag="001">000009637</controlfield><controlfield tag="002">20161230</controlfield><controlfield tag="005">20161230201028</controlfield><controlfield tag="008">060222s1000------------r-----000-0-eng-d</controlfield><datafield ind1=" " ind2=" " tag="080"><subfield code="a">621.362(061.3:498):537.84(061.3:498)</subfield></datafield><datafield ind1=" " ind2=" " tag="100"><subfield code="a">Antoniu, I.S. /S.A.</subfield></datafield><datafield ind1=" " ind2=" " tag="245"><subfield code="a">Stadiul atual al cercetarilor in domeniul generatoarelor mhd in lume. sesiune de comunicari</subfield></datafield><datafield ind1=" " ind2=" " tag="260"><subfield code="a">Bucuresti, 1971 14 P</subfield></datafield><datafield ind1=" " ind2=" " tag="852"><subfield code="a">34892</subfield></datafield></record></collection>